% Use BIBTEX format for reference entries:

@book{kim,
    title={The Phoenix Project},
    author={Gene Kim, Kevin Behr, George Spafford},
    isbn={0988262592},
    year={2013},
    publisher={IT Revolution Press},
}

@online{TimothyFitz,
    author = "Timothy Fitz",
    title = "Continuous Deployment",
    url  = "http://timothyfitz.com/2009/02/08/continuous-deployment/",
    addendum = "(accessed: 02.08.2009)",
    keywords = "CI,Agile Development"
}
