% Use BIBTEX format for reference entries:

% Remember:
% To add a book reference, you can use <leader>b
% To add a article reference, you can use <leader>a
% To add a online reference, you can use <leader>o

@online{stateofagile,
    author = "stateofagile",
    title = "14th Annual State of Agile Report",
    url  = "https://stateofagile.com/#",
    keywords = "Agile"
}

@article{Hoda2018,
  author = {Hoda, Rashina and Salleh, Norsaremah and Grundy, John},
  year = {2018},
  month = {07},
  pages = {1-1},
  title = {The Rise and Evolution of Agile Software Development},
  volume = {PP},
  journal = {IEEE Software},
  doi = {10.1109/MS.2018.290111318}
}

@article{Hirotaka1986,
  author={Hirotaka {Takeuchi} and Ikujro {Nonaka}},
  journal={Hardvard Business}, 
  title={The New New Product Development Game}, 
  year={1986},
  volume={January},
}

@article{Parnas1986,
    author = "David Parnas",
    title = "A rational design process: how and why to fake it",
    year = "1986",
    keywords = "IID"
}

@article{6312870,
  author={V. R. {Basil} and A. J. {Turner}},
  journal={IEEE Transactions on Software Engineering}, 
  title={Iterative enhancement: A practical technique for software development}, 
  year={1975},
  volume={SE-1},
  number={4},
  pages={390-396},
  doi={10.1109/TSE.1975.6312870}
}

@article{royce1970,
    author = "Dr. Winston W. Rovce",
    title = "Managing the development of large software systems",
    journal = "IEEE Wescon",
    volume = "August 1970",
    pages = "1 - 9",
    year = "1970",
    keywords = "Waterfall Development"
}

@online{ID-FB,
    author = "F. W. Zurcher, B. Randel",
    title = "ITERATIVE MULTI-LEVEL MODELLING - A METHODOLOGY FOR COMPUTER SYSTEM DESIGN",
    url  = "http://homepages.cs.ncl.ac.uk/brian.randell/PapersInProceedings/336.pdf",
    addendum = "1968",
    keywords = "Iterative Development"
}

@online{GW-PM,
    author = "Gerald M. Weinberg",
    title = "Iterative and Incremental Development:A Brief History",
    url  = "https://www.craiglarman.com/wiki/downloads/misc/history-of-iterative-larman-and-basili-ieee-computer.pdf",
    addendum = "2003",
    keywords = "IID"
}

@online{agilePrinciples,
    author = "Kent Beck",
    title = "Principles behind the agile manifesto",
    url  = "https://agilemanifesto.org/",
    addendum = "2001",
    keywords = "Agile principles"
}

@online{agile,
    author = "Kent Beck",
    title = "Manifesto for Agile Software Development",
    url  = "https://agilemanifesto.org/",
    addendum = "2001",
    keywords = "Agile"
}

@article{IID,
    author = "Craig Larman, Victor R.Basili",
    title = "Iterative and Incremental Development:A Brief History",
    journal = "IEEE",
    volume = "0018-9162",
    year = "2003",
    keywords = "IID"
}

@book{kim,
    title={The Phoenix Project},
    author={Gene Kim, Kevin Behr, George Spafford},
    isbn={0988262592},
    year={2013},
    publisher={IT Revolution Press},
}

@online{CD-TF,
    author = "Timothy Fitz",
    title = "Continuous Deployment",
    url  = "http://timothyfitz.com/2009/02/08/continuous-deployment/",
    addendum = "(accessed: 02.08.2009)",
    keywords = "CI,Agile Development"
}

@online{CDE-TF,
    author = "Timothy Fitz",
    title = "Continuous Deployment at IMVU: Doing the impossible fifty times a day.",
    url  = "http://timothyfitz.com/2009/02/10/continuous-deployment-at-imvu-doing-the-impossible-fifty-times-a-day/",
    addendum = "(accessed: 02.10.2009)",
    keywords = "CI,Agile Development"
}

@online{velocity09,
    author = "John Allspaw, Paul Hammond",
    title = "10+ Deploys Per Day: Dev and Ops Cooperation at Flickr",
    url  = "https://www.youtube.com/watch?v=LdOe18KhtT4",
    addendum = "25.08.2009",
    keywords = "CI/CD"
}
